@misc{orl_dataset,
  author = {AT\&T Laboratories Cambridge},
  title  = {},
  year   = {1994},
  note   = { 
            \url{https://cam-orl.co.uk/facedatabase.html}}
}

@article{knowledge_management,
  author  = {Towe, B.C. and Pizziconi, Vincent and Wiig, Karl Martin},
  year    = {1997},
  month   = {07},
  pages   = {},
  title   = {Knowledge Management: Where Did it Come From and Where Will It Go?},
  volume  = {13},
  journal = {Expert Systems with Applications},
  doi     = {10.1016/S0957-4174(97)00018-3}
}

@article{van2004bias,
  title     = {A bias-variance analysis of a real world learning problem: The CoIL challenge 2000},
  author    = {Van Der Putten, Peter and Van Someren, Maarten},
  journal   = {Machine learning},
  volume    = {57},
  pages     = {177--195},
  year      = {2004},
  publisher = {Springer}
}

@inproceedings{verleysen2005curse,
  title        = {The curse of dimensionality in data mining and time series prediction},
  author       = {Verleysen, Michel and Fran{\c{c}}ois, Damien},
  booktitle    = {Computational Intelligence and Bioinspired Systems: 8th International Work-Conference on Artificial Neural Networks, IWANN 2005, Vilanova i la Geltr{\'u}, Barcelona, Spain, June 8-10, 2005. Proceedings 8},
  pages        = {758--770},
  year         = {2005},
  organization = {Springer}
}

@article{pearson1901principal,
  title     = {On lines and planes of closest fit to systems of points in space},
  author    = {Pearson, Karl},
  journal   = {Philosophical Magazine},
  volume    = {2},
  number    = {11},
  pages     = {559--572},
  year      = {1901},
  publisher = {Taylor \& Francis}
}
